@inproceedings{mendel1865,
  title = {Experiments in Plant Hybridization},
  booktitle = {Meetings of the {{Br√ºnn Natural History Society}}},
  author = {Mendel, Gregor},
  date = {1865},
  pages = {41},
  langid = {english},
}

@book{morgan1915,
  title = {The {{Mechanism}} of {{Mendelian Heredity}}},
  author = {Morgan, Thomas Hunt and Sturtevant, Alfred Henry and Bridges, Calvin Blackman and Muller, Hermann Joseph},
  date = {1915},
  publisher = {{H. Holt}},
  langid = {english},
  pagetotal = {288}
}
